@misc{prezentace,
        author = {Petr Peringer},
        title = {Modelování a Simulace},
        year = {September 15, 2017},
        howpublished = {[online]},
        note = {https://wis.fit.vutbr.cz/FIT/st/cfs.php?file=%2Fcourse%2FIMS-IT%2Flectures%2FIMS.pdf&cid=12760,}
}
